
@book{hill2011,
	title = {Crossing the Line: Sexual Harassment at School.},
	author = {Hill, Catherine and Kearl, Holly},
	year = {2011},
	date = {2011},
	publisher = {ERIC}
}
@article{ståhl2021,
	title = {Online and offline sexual harassment associations of anxiety and depression in an adolescent sample},
	author = {{Ståhl}, Simon and Dennhag, Inga},
	year = {2021},
	month = {07},
	date = {2021-07-01},
	journal = {Nordic Journal of Psychiatry},
	pages = {330--335},
	volume = {75},
	number = {5},
	doi = {10.1080/08039488.2020.1856924},
	url = {https://www.tandfonline.com/doi/full/10.1080/08039488.2020.1856924},
	langid = {en}
}

@article{chiodo2009,
	title = {Impact of Sexual Harassment Victimization by Peers on Subsequent Adolescent Victimization and Adjustment: A Longitudinal Study},
	author = {Chiodo, Debbie and Wolfe, David A. and Crooks, Claire and Hughes, Ray and Jaffe, Peter},
	year = {2009},
	month = {09},
	date = {2009-09},
	journal = {Journal of Adolescent Health},
	pages = {246--252},
	volume = {45},
	number = {3},
	doi = {10.1016/j.jadohealth.2009.01.006},
	url = {https://linkinghub.elsevier.com/retrieve/pii/S1054139X09000470},
	langid = {en}
}

@article{chiodo2009a,
	title = {Impact of Sexual Harassment Victimization by Peers on Subsequent Adolescent Victimization and Adjustment: A Longitudinal Study},
	author = {Chiodo, Debbie and Wolfe, David A. and Crooks, Claire and Hughes, Ray and Jaffe, Peter},
	year = {2009},
	month = {09},
	date = {2009-09},
	journal = {Journal of Adolescent Health},
	pages = {246--252},
	volume = {45},
	number = {3},
	doi = {10.1016/j.jadohealth.2009.01.006},
	url = {https://linkinghub.elsevier.com/retrieve/pii/S1054139X09000470},
	langid = {en}
}

@article{finkelhor2007,
	title = {Poly-victimization: A neglected component in child victimization},
	author = {Finkelhor, David and Ormrod, Richard K. and Turner, Heather A.},
	year = {2007},
	date = {2007},
	journal = {Child abuse & neglect},
	pages = {7--26},
	volume = {31},
	number = {1},
	note = {ISBN: 0145-2134
Publisher: Elsevier}
}

@article{miron2014,
	title = {Pathways from childhood abuse to prospective revictimization: Depression, sex to reduce negative affect, and forecasted sexual behavior},
	author = {Miron, Lynsey R. and Orcutt, Holly K.},
	year = {2014},
	date = {2014},
	journal = {Child Abuse & Neglect},
	pages = {1848--1859},
	volume = {38},
	number = {11},
	note = {ISBN: 0145-2134
Publisher: Elsevier}
}

@article{classen2001,
	title = {Interpersonal problems and their relationship to sexual revictimization among women sexually abused in childhood},
	author = {Classen, Catherine and Field, Nigel P. and Koopman, Cheryl and Nevill-Manning, Kirsten and Spiegel, David},
	year = {2001},
	date = {2001},
	journal = {Journal of Interpersonal Violence},
	pages = {495--509},
	volume = {16},
	number = {6},
	note = {ISBN: 0886-2605
Publisher: Sage Publications}
}

@article{classen2005,
	title = {Sexual revictimization: A review of the empirical literature},
	author = {Classen, Catherine C. and Palesh, Oxana Gronskaya and Aggarwal, Rashi},
	year = {2005},
	date = {2005},
	journal = {Trauma, violence, & abuse},
	pages = {103--129},
	volume = {6},
	number = {2},
	note = {ISBN: 1524-8380
Publisher: Sage Publications Sage CA: Thousand Oaks, CA}
}

@article{walker2019,
	title = {The prevalence of sexual revictimization: A meta-analytic review},
	author = {Walker, Hannah E. and Freud, Jennifer S. and Ellis, Robyn A. and Fraine, Shawn M. and Wilson, Laura C.},
	year = {2019},
	date = {2019},
	journal = {Trauma, Violence, & Abuse},
	pages = {67--80},
	volume = {20},
	number = {1},
	note = {ISBN: 1524-8380
Publisher: Sage Publications Sage CA: Los Angeles, CA}
}

@article{skoog2019,
	title = {Study protocol for PRISE: a longitudinal study of sexual harassment during the transition from childhood to adolescence},
	author = {Skoog, {Therése} and Holmqvist Gattario, Kristina and Lunde, Carolina},
	year = {2019},
	date = {2019},
	journal = {BMC psychology},
	pages = {1--10},
	volume = {7},
	note = {Publisher: Springer}
}

@article{cohen1988,
	title = {Perceived stress in a probability sample of the United States.},
	author = {Cohen, Sheldon},
	year = {1988},
	date = {1988},
	note = {ISBN: 080393162X
Publisher: Sage Publications, Inc}
}

@book{miles2001,
	title = {Applying regression and correlation: A guide for students and researchers},
	author = {Miles, Jeremy and Shevlin, Mark},
	year = {2001},
	date = {2001},
	publisher = {Sage}
}

@article{kerresmalecki2002,
	title = {Measuring perceived social support: Development of the child and adolescent social support scale (CASSS)},
	author = {Kerres Malecki, Christine and Kilpatrick Demary, Michelle},
	year = {2002},
	date = {2002},
	journal = {Psychology in the Schools},
	pages = {1--18},
	volume = {39},
	number = {1},
	note = {ISBN: 0033-3085
Publisher: Wiley Online Library}
}

@article{vandenabeele2014,
	title = {Sexting, mobile porn use, and peer group dynamics: Boys' and girls' self-perceived popularity, need for popularity, and perceived peer pressure},
	author = {Vanden Abeele, Mariek and Campbell, Scott W. and Eggermont, Steven and Roe, Keith},
	year = {2014},
	date = {2014},
	journal = {Media Psychology},
	pages = {6--33},
	volume = {17},
	number = {1},
	note = {ISBN: 1521-3269
Publisher: Taylor & Francis}
}

@article{rigby1998,
	title = {The relationship between reported health and involvement in bully/victim problems among male and female secondary schoolchildren},
	author = {Rigby, Ken},
	year = {1998},
	date = {1998},
	journal = {Journal of Health Psychology},
	pages = {465--476},
	volume = {3},
	number = {4},
	note = {ISBN: 1359-1053
Publisher: Sage Publications Sage CA: Thousand Oaks, CA}
}

@article{bandura2006,
	title = {Guide for constructing self-efficacy scales},
	author = {Bandura, Albert},
	year = {2006},
	date = {2006},
	journal = {Self-efficacy beliefs of adolescents},
	pages = {307--337},
	volume = {5},
	number = {1},
	note = {Publisher: Greenwich, CT}
}

@article{wolfe2001,
	title = {Development and validation of the conflict in adolescent dating relationships inventory.},
	author = {Wolfe, David A. and Scott, Katreena and Reitzel-Jaffe, Deborah and Wekerle, Christine and Grasley, Carolyn and Straatman, Anna-Lee},
	year = {2001},
	date = {2001},
	journal = {Psychological assessment},
	pages = {277},
	volume = {13},
	number = {2},
	note = {ISBN: 1939-134X
Publisher: American Psychological Association}
}

@article{rothman2022,
	title = {The psychometric properties of the Measure of Adolescent Relationship Harassment and Abuse (MARSHA) with a nationally representative sample of US youth},
	author = {Rothman, Emily F. and Cuevas, Carlos A. and Mumford, Elizabeth A. and Bahrami, Eva and Taylor, Bruce G.},
	year = {2022},
	date = {2022},
	journal = {Journal of interpersonal violence},
	pages = {NP9712--NP9737},
	volume = {37},
	number = {11-12},
	note = {ISBN: 0886-2605
Publisher: SAGE Publications Sage CA: Los Angeles, CA}
}

@article{straus1996,
	title = {The revised conflict tactics scales (CTS2) development and preliminary psychometric data},
	author = {Straus, Murray A. and Hamby, Sherry L. and Boney-McCoy, S. U. E. and Sugarman, David B.},
	year = {1996},
	date = {1996},
	journal = {Journal of family issues},
	pages = {283--316},
	volume = {17},
	number = {3},
	note = {ISBN: 0192-513X
Publisher: SAGE Periodicals Press}
}

@article{valik2023,
	title = {PSH-C: A measure of peer sexual harassment among children},
	author = {Valik, Andrea and Holmqvist Gattario, Kristina and Lunde, Carolina and Skoog, {Therése}},
	year = {2023},
	date = {2023},
	journal = {Journal of Social Issues},
	pages = {1123--1146},
	volume = {79},
	number = {4},
	doi = {10.1111/josi.12517},
	url = {https://onlinelibrary.wiley.com/doi/abs/10.1111/josi.12517},
	note = {{\_}eprint: https://onlinelibrary.wiley.com/doi/pdf/10.1111/josi.12517},
	langid = {en}
}

@article{gámez-guadix2021,
	title = {Homophobia is online: Sexual victimization and risks on the internet and mental health among bisexual, homosexual, pansexual, asexual, and queer adolescents},
	author = {{Gámez-Guadix}, Manuel and Incera, Daniel},
	year = {2021},
	month = {06},
	date = {2021-06},
	journal = {Computers in Human Behavior},
	pages = {106728},
	volume = {119},
	doi = {10.1016/j.chb.2021.106728},
	url = {https://linkinghub.elsevier.com/retrieve/pii/S0747563221000509},
	langid = {en}
}

@article{calogero2021,
	title = {Smile pretty and watch your back: Personal safety anxiety and vigilance in objectification theory},
	author = {Calogero, Rachel M. and Tylka, Tracy L. and Siegel, Jaclyn A. and Pina, Afroditi and Roberts, Tomi-Ann},
	year = {2021},
	month = {12},
	date = {2021-12},
	journal = {Journal of Personality and Social Psychology},
	pages = {1195--1222},
	volume = {121},
	number = {6},
	doi = {10.1037/pspi0000344},
	url = {https://www.proquest.com/scholarly-journals/smile-pretty-watch-your-back-personal-safety/docview/2443646688/se-2?accountid=11162},
	note = {Place: Washington
Publisher: American Psychological Association, American Psychological Association},
	langid = {English}
}

@article{carskadon1993,
	title = {A self-administered rating scale for pubertal development},
	author = {Carskadon, Mary A. and Acebo, Christine},
	year = {1993},
	date = {1993},
	journal = {Journal of Adolescent Health},
	pages = {190--195},
	volume = {14},
	number = {3},
	note = {ISBN: 1054-139X
Publisher: Elsevier}
}

@article{mendelson2001,
	title = {Body-esteem scale for adolescents and adults},
	author = {Mendelson, Beverley K. and Mendelson, Morton J. and White, Donna R.},
	year = {2001},
	date = {2001},
	journal = {Journal of personality assessment},
	pages = {90--106},
	volume = {76},
	number = {1},
	note = {ISBN: 0022-3891
Publisher: Taylor & Francis}
}

@article{spence1998,
	title = {A measure of anxiety symptoms among children},
	author = {Spence, Susan H.},
	year = {1998},
	month = {05},
	date = {1998-05},
	journal = {Behaviour Research and Therapy},
	pages = {545--566},
	volume = {36},
	number = {5},
	doi = {10.1016/S0005-7967(98)00034-5},
	url = {https://linkinghub.elsevier.com/retrieve/pii/S0005796798000345},
	langid = {en}
}

@article{haroz2014,
	title = {Psychometric evaluation of a self-report scale to measure adolescent depression: the CESDR-10 in two national adolescent samples in the United States},
	author = {Haroz, Emily E. and Ybarra, Michele L. and Eaton, William W.},
	year = {2014},
	date = {2014},
	journal = {Journal of affective disorders},
	pages = {154--160},
	volume = {158},
	note = {ISBN: 0165-0327
Publisher: Elsevier}
}

@article{tolman2000,
	title = {The Adolescent Femininity Ideology Scale: Development and validation of a new measure for girls},
	author = {Tolman, Deborah L. and Porche, Michelle V.},
	year = {2000},
	date = {2000},
	journal = {Psychology of women quarterly},
	pages = {365--376},
	volume = {24},
	number = {4},
	note = {ISBN: 0361-6843
Publisher: Wiley Online Library}
}

@article{davis1980,
	title = {Interpersonal reactivity index},
	author = {Davis, Mark H.},
	year = {1980},
	date = {1980}
}

@article{jonason2010,
	title = {The dirty dozen: a concise measure of the dark triad.},
	author = {Jonason, Peter K. and Webster, Gregory D.},
	year = {2010},
	date = {2010},
	journal = {Psychological assessment},
	pages = {420},
	volume = {22},
	number = {2},
	note = {ISBN: 1939-134X
Publisher: American Psychological Association}
}

@article{farrell2016,
	title = {Assessment of adolescents{\textquoteright} victimization, aggression, and problem behaviors: Evaluation of the Problem Behavior Frequency Scale.},
	author = {Farrell, Albert D. and Sullivan, Terri N. and Goncy, Elizabeth A. and Le, Anh-Thuy H.},
	year = {2016},
	date = {2016},
	journal = {Psychological assessment},
	pages = {702},
	volume = {28},
	number = {6},
	note = {ISBN: 1939-134X
Publisher: American Psychological Association}
}

@article{scheier1994,
	title = {Distinguishing optimism from neuroticism (and trait anxiety, self-mastery, and self-esteem): a reevaluation of the Life Orientation Test.},
	author = {Scheier, Michael F. and Carver, Charles S. and Bridges, Michael W.},
	year = {1994},
	date = {1994},
	journal = {Journal of personality and social psychology},
	pages = {1063},
	volume = {67},
	number = {6},
	note = {ISBN: 1939-1315
Publisher: American Psychological Association}
}

@article{gullone2012,
	title = {The emotion regulation questionnaire for children and adolescents (ERQ{\textendash}CA): a psychometric evaluation.},
	author = {Gullone, Eleonora and Taffe, John},
	year = {2012},
	date = {2012},
	journal = {Psychological assessment},
	pages = {409},
	volume = {24},
	number = {2},
	note = {ISBN: 1939-134X
Publisher: American Psychological Association}
}

@article{diener2009,
	title = {New measures of well-being},
	author = {Diener, Ed and Wirtz, Derrick and Biswas-Diener, Robert and Tov, William and Kim-Prieto, Chu and Choi, Dong-won and Oishi, Shigehiro},
	year = {2009},
	date = {2009},
	journal = {Assessing well-being: The collected works of Ed Diener},
	pages = {247--266},
	note = {ISBN: 9048123534
Publisher: Springer}
}

@article{snyder1997,
	title = {The development and validation of the Children{\textquoteright}s Hope Scale},
	author = {Snyder, C. Richard and Hoza, Betsy and Pelham, William E. and Rapoff, Michael and Ware, Leanne and Danovsky, Michael and Highberger, Lori and Ribinstein, Howard and Stahl, Kandy J.},
	year = {1997},
	date = {1997},
	journal = {Journal of pediatric psychology},
	pages = {399--421},
	volume = {22},
	number = {3},
	note = {ISBN: 1465-735X
Publisher: Oxford University Press}
}

@article{lindberg2006,
	title = {A measure of objectified body consciousness for preadolescent and adolescent youth},
	author = {Lindberg, Sara M. and Hyde, Janet Shibley and McKinley, Nita Mary},
	year = {2006},
	date = {2006},
	journal = {Psychology of Women Quarterly},
	pages = {65--76},
	volume = {30},
	number = {1},
	note = {ISBN: 0361-6843
Publisher: SAGE Publications Sage CA: Los Angeles, CA}
}

@article{vanbuuren2011,
	title = {mice: Multivariate imputation by chained equations in R},
	author = {Van Buuren, Stef and Groothuis-Oudshoorn, Karin},
	year = {2011},
	date = {2011},
	journal = {Journal of statistical software},
	pages = {1--67},
	volume = {45},
	note = {ISBN: 1548-7660}
}
